<record><leader>00000cas a2200000 a 4500</leader><controlfield tag="001">11620794</controlfield><controlfield tag="008">850125c19549999inuwr ne      0    0eng c</controlfield><datafield ind1=" " ind2=" " tag="010"><subfield code="a">sn 85047669 </subfield></datafield><datafield ind1=" " ind2=" " tag="040"><subfield code="a">NPI</subfield><subfield code="b">eng</subfield><subfield code="c">NPI</subfield><subfield code="d">CUI</subfield><subfield code="d">OCLCQ</subfield><subfield code="d">OCLCF</subfield></datafield><datafield ind1="1" ind2=" " tag="029"><subfield code="a">AU@</subfield><subfield code="b">000025837972</subfield></datafield><datafield ind1=" " ind2=" " tag="042"><subfield code="a">pcc</subfield></datafield><datafield ind1=" " ind2=" " tag="043"><subfield code="a">n-us-in</subfield></datafield><datafield ind1=" " ind2="4" tag="050"><subfield code="a">AN</subfield></datafield><datafield ind1="0" ind2=" " tag="130"><subfield code="a">Dearborn County register (Lawrenceburg, Ind. : 1954)</subfield></datafield><datafield ind1="1" ind2="4" tag="245"><subfield code="a">The Dearborn County register.</subfield></datafield><datafield ind1="1" ind2="3" tag="246"><subfield code="a">Register</subfield></datafield><datafield ind1=" " ind2=" " tag="260"><subfield code="a">Lawrenceburg, Ind. :</subfield><subfield code="b">Register Print. Co.,</subfield><subfield code="c">1954-</subfield></datafield><datafield ind1=" " ind2=" " tag="300"><subfield code="a">v. :</subfield><subfield code="b">ill. ;</subfield><subfield code="c">58 cm.</subfield></datafield><datafield ind1=" " ind2=" " tag="310"><subfield code="a">Weekly</subfield></datafield><datafield ind1="0" ind2=" " tag="362"><subfield code="a">Vol. 118, no. 40 (Sept. 30, 1954)-</subfield></datafield><datafield ind1=" " ind2=" " tag="500"><subfield code="a">Editor: 1954-1960, Clella M. Mulroy; 1960-, Gene McCann.</subfield></datafield><datafield ind1=" " ind2="0" tag="651"><subfield code="a">Lawrenceburg (Ind.)</subfield><subfield code="v">Newspapers.</subfield></datafield><datafield ind1=" " ind2="0" tag="651"><subfield code="a">Dearborn County (Ind.)</subfield><subfield code="v">Newspapers.</subfield></datafield><datafield ind1=" " ind2="7" tag="655"><subfield code="a">Newspapers.</subfield><subfield code="2">fast</subfield><subfield code="0">(OCoLC)fst01423814</subfield></datafield><datafield ind1=" " ind2="7" tag="651"><subfield code="a">Indiana</subfield><subfield code="z">Dearborn County.</subfield><subfield code="2">fast</subfield><subfield code="0">(OCoLC)fst01216007</subfield></datafield><datafield ind1=" " ind2="7" tag="651"><subfield code="a">Indiana</subfield><subfield code="z">Lawrenceburg.</subfield><subfield code="2">fast</subfield><subfield code="0">(OCoLC)fst01238715</subfield></datafield><datafield ind1=" " ind2=" " tag="752"><subfield code="a">United States</subfield><subfield code="b">Indiana</subfield><subfield code="c">Dearborn</subfield><subfield code="d">Lawrenceburg.</subfield></datafield><datafield ind1="0" ind2="0" tag="780"><subfield code="t">Lawrenceburgh register</subfield><subfield code="w">(DLC)sn 85047668</subfield><subfield code="w">(OCoLC)11620727</subfield></datafield></record>